%YAML 1.1
%TAG !u! tag:unity3d.com,2011:
--- !u!1 &7127233373576050844
GameObject:
  m_ObjectHideFlags: 0
  m_CorrespondingSourceObject: {fileID: 0}
  m_PrefabInstance: {fileID: 0}
  m_PrefabAsset: {fileID: 0}
  serializedVersion: 6
  m_Component:
  - component: {fileID: 5113495463955626170}
  - component: {fileID: 1999981548402908323}
  - component: {fileID: 4983846095866096937}
  - component: {fileID: 5684782948187929475}
  m_Layer: 0
  m_Name: BreakingCooler
  m_TagString: Breaking
  m_Icon: {fileID: 0}
  m_NavMeshLayer: 0
  m_StaticEditorFlags: 0
  m_IsActive: 1
--- !u!4 &5113495463955626170
Transform:
  m_ObjectHideFlags: 0
  m_CorrespondingSourceObject: {fileID: 0}
  m_PrefabInstance: {fileID: 0}
  m_PrefabAsset: {fileID: 0}
  m_GameObject: {fileID: 7127233373576050844}
  serializedVersion: 2
  m_LocalRotation: {x: 0, y: 0, z: 0, w: 1}
  m_LocalPosition: {x: 3.06, y: -3.47, z: 0}
  m_LocalScale: {x: 6, y: 6, z: 6}
  m_ConstrainProportionsScale: 1
  m_Children:
  - {fileID: 7521021821877508825}
  m_Father: {fileID: 0}
  m_LocalEulerAnglesHint: {x: 0, y: 0, z: 0}
--- !u!114 &1999981548402908323
MonoBehaviour:
  m_ObjectHideFlags: 0
  m_CorrespondingSourceObject: {fileID: 0}
  m_PrefabInstance: {fileID: 0}
  m_PrefabAsset: {fileID: 0}
  m_GameObject: {fileID: 7127233373576050844}
  m_Enabled: 1
  m_EditorHideFlags: 0
  m_Script: {fileID: 11500000, guid: 069c26184a3574e818354bcd1034851e, type: 3}
  m_Name: 
  m_EditorClassIdentifier: 
  states:
  - {fileID: 8678662353035261690, guid: 969ba35bb5bc34f76a84621143eb259d, type: 3}
  - {fileID: 5260258879467245116, guid: 7ab109fa9688d47aea50f3db4099d164, type: 3}
  - {fileID: 2273809102601708746, guid: 71ab8de808bd64726bda5ca05efa09fa, type: 3}
  health: 10
  damageMultiplier: 0.5
--- !u!54 &4983846095866096937
Rigidbody:
  m_ObjectHideFlags: 0
  m_CorrespondingSourceObject: {fileID: 0}
  m_PrefabInstance: {fileID: 0}
  m_PrefabAsset: {fileID: 0}
  m_GameObject: {fileID: 7127233373576050844}
  serializedVersion: 4
  m_Mass: 1
  m_Drag: 0
  m_AngularDrag: 0.05
  m_CenterOfMass: {x: 0, y: 0, z: 0}
  m_InertiaTensor: {x: 1, y: 1, z: 1}
  m_InertiaRotation: {x: 0, y: 0, z: 0, w: 1}
  m_IncludeLayers:
    serializedVersion: 2
    m_Bits: 0
  m_ExcludeLayers:
    serializedVersion: 2
    m_Bits: 0
  m_ImplicitCom: 1
  m_ImplicitTensor: 1
  m_UseGravity: 1
  m_IsKinematic: 1
  m_Interpolate: 0
  m_Constraints: 0
  m_CollisionDetection: 0
--- !u!65 &5684782948187929475
BoxCollider:
  m_ObjectHideFlags: 0
  m_CorrespondingSourceObject: {fileID: 0}
  m_PrefabInstance: {fileID: 0}
  m_PrefabAsset: {fileID: 0}
  m_GameObject: {fileID: 7127233373576050844}
  m_Material: {fileID: 0}
  m_IncludeLayers:
    serializedVersion: 2
    m_Bits: 0
  m_ExcludeLayers:
    serializedVersion: 2
    m_Bits: 0
  m_LayerOverridePriority: 0
  m_IsTrigger: 1
  m_ProvidesContacts: 0
  m_Enabled: 1
  serializedVersion: 3
  m_Size: {x: 0.17540698, y: 0.36514777, z: 0.16157043}
  m_Center: {x: 0.0009771785, y: 0.18078038, z: -0.000977258}
--- !u!1001 &1971192070671496857
PrefabInstance:
  m_ObjectHideFlags: 0
  serializedVersion: 2
  m_Modification:
    serializedVersion: 3
    m_TransformParent: {fileID: 5113495463955626170}
    m_Modifications:
    - target: {fileID: 8303263053500689472, guid: 969ba35bb5bc34f76a84621143eb259d, type: 3}
      propertyPath: m_LocalPosition.x
      value: 0
      objectReference: {fileID: 0}
    - target: {fileID: 8303263053500689472, guid: 969ba35bb5bc34f76a84621143eb259d, type: 3}
      propertyPath: m_LocalPosition.y
      value: 0
      objectReference: {fileID: 0}
    - target: {fileID: 8303263053500689472, guid: 969ba35bb5bc34f76a84621143eb259d, type: 3}
      propertyPath: m_LocalPosition.z
      value: 0
      objectReference: {fileID: 0}
    - target: {fileID: 8303263053500689472, guid: 969ba35bb5bc34f76a84621143eb259d, type: 3}
      propertyPath: m_LocalRotation.w
      value: 1
      objectReference: {fileID: 0}
    - target: {fileID: 8303263053500689472, guid: 969ba35bb5bc34f76a84621143eb259d, type: 3}
      propertyPath: m_LocalRotation.x
      value: 0.00000008146034
      objectReference: {fileID: 0}
    - target: {fileID: 8303263053500689472, guid: 969ba35bb5bc34f76a84621143eb259d, type: 3}
      propertyPath: m_LocalRotation.y
      value: -0.000000021855698
      objectReference: {fileID: 0}
    - target: {fileID: 8303263053500689472, guid: 969ba35bb5bc34f76a84621143eb259d, type: 3}
      propertyPath: m_LocalRotation.z
      value: -0.000000029802317
      objectReference: {fileID: 0}
    - target: {fileID: 8303263053500689472, guid: 969ba35bb5bc34f76a84621143eb259d, type: 3}
      propertyPath: m_LocalEulerAnglesHint.x
      value: 0
      objectReference: {fileID: 0}
    - target: {fileID: 8303263053500689472, guid: 969ba35bb5bc34f76a84621143eb259d, type: 3}
      propertyPath: m_LocalEulerAnglesHint.y
      value: 0
      objectReference: {fileID: 0}
    - target: {fileID: 8303263053500689472, guid: 969ba35bb5bc34f76a84621143eb259d, type: 3}
      propertyPath: m_LocalEulerAnglesHint.z
      value: 0
      objectReference: {fileID: 0}
    - target: {fileID: 8678662353035261690, guid: 969ba35bb5bc34f76a84621143eb259d, type: 3}
      propertyPath: m_Name
      value: BC1
      objectReference: {fileID: 0}
    - target: {fileID: 8678662353035261690, guid: 969ba35bb5bc34f76a84621143eb259d, type: 3}
      propertyPath: m_IsActive
      value: 1
      objectReference: {fileID: 0}
    - target: {fileID: 9174540056801436012, guid: 969ba35bb5bc34f76a84621143eb259d, type: 3}
      propertyPath: m_IsKinematic
      value: 1
      objectReference: {fileID: 0}
    m_RemovedComponents: []
    m_RemovedGameObjects: []
    m_AddedGameObjects: []
    m_AddedComponents: []
  m_SourcePrefab: {fileID: 100100000, guid: 969ba35bb5bc34f76a84621143eb259d, type: 3}
--- !u!4 &7521021821877508825 stripped
Transform:
  m_CorrespondingSourceObject: {fileID: 8303263053500689472, guid: 969ba35bb5bc34f76a84621143eb259d, type: 3}
  m_PrefabInstance: {fileID: 1971192070671496857}
  m_PrefabAsset: {fileID: 0}
